<?xml version="1.0" encoding="UTF-8" ?>
<marc:collection xmlns:marc="http://www.loc.gov/MARC21/slim">
    <marc:record>
        <marc:leader>01798nim a22003978c 4500</marc:leader>
        <marc:controlfield tag="001">1264376332</marc:controlfield>
        <marc:controlfield tag="003">DE-101</marc:controlfield>
        <marc:controlfield tag="005">20220831083130.0</marc:controlfield>
        <marc:controlfield tag="007">s|||||||||||||</marc:controlfield>
        <marc:controlfield tag="007">cr||||||||||||</marc:controlfield>
        <marc:controlfield tag="008">220804r20222016gw |||||o|||||||||||ger  </marc:controlfield>
        <marc:datafield tag="016" ind1="7" ind2=" ">
            <marc:subfield code="2">DE-101</marc:subfield>
            <marc:subfield code="a">1264376332</marc:subfield>
        </marc:datafield>
        <marc:datafield tag="035" ind1=" " ind2=" ">
            <marc:subfield code="a">(DE-599)DNB1264376332</marc:subfield>
        </marc:datafield>
        <marc:datafield tag="040" ind1=" " ind2=" ">
            <marc:subfield code="a">1140</marc:subfield>
            <marc:subfield code="b">ger</marc:subfield>
            <marc:subfield code="c">DE-101</marc:subfield>
            <marc:subfield code="d">1220</marc:subfield>
        </marc:datafield>
        <marc:datafield tag="041" ind1=" " ind2=" ">
            <marc:subfield code="a">ger</marc:subfield>
            <marc:subfield code="h">nor</marc:subfield>
        </marc:datafield>
        <marc:datafield tag="044" ind1=" " ind2=" ">
            <marc:subfield code="c">XA-DE</marc:subfield>
        </marc:datafield>
        <marc:datafield tag="082" ind1="7" ind2="4">
            <marc:subfield code="a">839</marc:subfield>
            <marc:subfield code="a">B</marc:subfield>
            <marc:subfield code="q">DE-101</marc:subfield>
            <marc:subfield code="2">23sdnb</marc:subfield>
        </marc:datafield>
        <marc:datafield tag="100" ind1="1" ind2=" ">
            <marc:subfield code="0">(DE-588)120908573</marc:subfield>
            <marc:subfield code="0">https://d-nb.info/gnd/120908573</marc:subfield>
            <marc:subfield code="0">(DE-101)120908573</marc:subfield>
            <marc:subfield code="a">Fossum, Karin</marc:subfield>
            <marc:subfield code="d">1954-</marc:subfield>
            <marc:subfield code="e">Verfasser</marc:subfield>
            <marc:subfield code="4">aut</marc:subfield>
            <marc:subfield code="2">gnd</marc:subfield>
        </marc:datafield>
        <marc:datafield tag="240" ind1="1" ind2="0">
            <marc:subfield code="a">Jonas Ekel</marc:subfield>
        </marc:datafield>
        <marc:datafield tag="245" ind1="1" ind2="0">
            <marc:subfield code="a">Also, von mir aus</marc:subfield>
            <marc:subfield code="b">Roman : Hörbuch</marc:subfield>
            <marc:subfield code="c">Karin Fossum ; gelesen von Marion Reuter</marc:subfield>
        </marc:datafield>
        <marc:datafield tag="264" ind1=" " ind2="1">
            <marc:subfield code="a">Leipzig</marc:subfield>
            <marc:subfield code="a">Frankfurt am Main</marc:subfield>
            <marc:subfield code="b">Deutsche Nationalbibliothek</marc:subfield>
            <marc:subfield code="c">2022</marc:subfield>
        </marc:datafield>
        <marc:datafield tag="300" ind1=" " ind2=" ">
            <marc:subfield code="a">1 Online-Ressource (1 CD, 313 min)</marc:subfield>
        </marc:datafield>
        <marc:datafield tag="336" ind1=" " ind2=" ">
            <marc:subfield code="a">gesprochenes Wort</marc:subfield>
            <marc:subfield code="b">spw</marc:subfield>
            <marc:subfield code="2">rdacontent</marc:subfield>
        </marc:datafield>
        <marc:datafield tag="337" ind1=" " ind2=" ">
            <marc:subfield code="a">Computermedien</marc:subfield>
            <marc:subfield code="b">c</marc:subfield>
            <marc:subfield code="2">rdamedia</marc:subfield>
        </marc:datafield>
        <marc:datafield tag="338" ind1=" " ind2=" ">
            <marc:subfield code="a">Online-Ressource</marc:subfield>
            <marc:subfield code="b">cr</marc:subfield>
            <marc:subfield code="2">rdacarrier</marc:subfield>
        </marc:datafield>
        <marc:datafield tag="500" ind1=" " ind2=" ">
            <marc:subfield code="a">Reproduktion von: Ungekürzte Lesung, [1. Auflage]</marc:subfield>
        </marc:datafield>
        <marc:datafield tag="653" ind1=" " ind2=" ">
            <marc:subfield code="a">Hörbuch</marc:subfield>
        </marc:datafield>
        <marc:datafield tag="653" ind1=" " ind2=" ">
            <marc:subfield code="a">Liebe</marc:subfield>
        </marc:datafield>
        <marc:datafield tag="653" ind1=" " ind2=" ">
            <marc:subfield code="a">ungekürzte Lesung</marc:subfield>
        </marc:datafield>
        <marc:datafield tag="655" ind1=" " ind2="7">
            <marc:subfield code="0">(DE-588)1071854844</marc:subfield>
            <marc:subfield code="0">https://d-nb.info/gnd/1071854844</marc:subfield>
            <marc:subfield code="0">(DE-101)1071854844</marc:subfield>
            <marc:subfield code="a">Fiktionale Darstellung</marc:subfield>
            <marc:subfield code="2">gnd-content</marc:subfield>
        </marc:datafield>
        <marc:datafield tag="655" ind1=" " ind2="7">
            <marc:subfield code="0">(DE-588)4329497-2</marc:subfield>
            <marc:subfield code="0">https://d-nb.info/gnd/4329497-2</marc:subfield>
            <marc:subfield code="0">(DE-101)940089343</marc:subfield>
            <marc:subfield code="a">Hörbuch</marc:subfield>
            <marc:subfield code="2">gnd-content</marc:subfield>
        </marc:datafield>
        <marc:datafield tag="655" ind1=" " ind2="7">
            <marc:subfield code="0">(DE-101)1010008188</marc:subfield>
            <marc:subfield code="a">Erzählende Literatur: Gegenwartsliteratur ab 1945</marc:subfield>
            <marc:subfield code="2">gatbeg</marc:subfield>
        </marc:datafield>
        <marc:datafield tag="700" ind1="1" ind2=" ">
            <marc:subfield code="8">1\p</marc:subfield>
            <marc:subfield code="a">Reuter, Marion</marc:subfield>
            <marc:subfield code="e">Erzähler</marc:subfield>
            <marc:subfield code="4">nrt</marc:subfield>
        </marc:datafield>
        <marc:datafield tag="710" ind1="2" ind2=" ">
            <marc:subfield code="8">2\p</marc:subfield>
            <marc:subfield code="0">(DE-588)1065028164</marc:subfield>
            <marc:subfield code="0">https://d-nb.info/gnd/1065028164</marc:subfield>
            <marc:subfield code="0">(DE-101)1065028164</marc:subfield>
            <marc:subfield code="a">Hierax Medien</marc:subfield>
            <marc:subfield code="e">Verlag</marc:subfield>
            <marc:subfield code="4">pbl</marc:subfield>
            <marc:subfield code="2">gnd</marc:subfield>
        </marc:datafield>
        <marc:datafield tag="775" ind1="0" ind2="8">
            <marc:subfield code="i">Digitale Übertragung von</marc:subfield>
            <marc:subfield code="a">Fossum, Karin, 1954-</marc:subfield>
            <marc:subfield code="t">Also, von mir aus</marc:subfield>
            <marc:subfield code="d">Edewecht : Medienverlag Kohfeldt, [2016]</marc:subfield>
            <marc:subfield code="h">1 CD</marc:subfield>
            <marc:subfield code="w">(DE-101)1081155086</marc:subfield>
            <marc:subfield code="b">Ungekürzte Lesung, [1. Auflage]</marc:subfield>
        </marc:datafield>
        <marc:datafield tag="856" ind1="4" ind2=" ">
            <marc:subfield code="q">mp3</marc:subfield>
        </marc:datafield>
    </marc:record>