
    <marc:record>
        <marc:leader>01918nam a2200361 c 4500</marc:leader>
        <marc:controlfield tag="001">1178598691</marc:controlfield>
        <marc:controlfield tag="003">DE-101</marc:controlfield>
        <marc:controlfield tag="005">20190302174829.0</marc:controlfield>
        <marc:controlfield tag="007">cr||||||||||||</marc:controlfield>
        <marc:controlfield tag="008">190220r20192002gw |||||o|||| 00||||ger  </marc:controlfield>
        <marc:datafield tag="016" ind1="7" ind2=" ">
            <marc:subfield code="2">DE-101</marc:subfield>
            <marc:subfield code="a">1178598691</marc:subfield>
        </marc:datafield>
        <marc:datafield tag="024" ind1="7" ind2=" ">
            <marc:subfield code="2">urn</marc:subfield>
            <marc:subfield code="a">urn:nbn:de:101:1-2019030217482892386152</marc:subfield>
        </marc:datafield>
        <marc:datafield tag="035" ind1=" " ind2=" ">
            <marc:subfield code="a">(DE-599)DNB1178598691</marc:subfield>
        </marc:datafield>
        <marc:datafield tag="035" ind1=" " ind2=" ">
            <marc:subfield code="a">(OCoLC)1189483347</marc:subfield>
        </marc:datafield>
        <marc:datafield tag="040" ind1=" " ind2=" ">
            <marc:subfield code="a">1166</marc:subfield>
            <marc:subfield code="b">ger</marc:subfield>
            <marc:subfield code="c">DE-101</marc:subfield>
            <marc:subfield code="d">0292</marc:subfield>
        </marc:datafield>
        <marc:datafield tag="041" ind1=" " ind2=" ">
            <marc:subfield code="a">ger</marc:subfield>
            <marc:subfield code="h">nor</marc:subfield>
        </marc:datafield>
        <marc:datafield tag="044" ind1=" " ind2=" ">
            <marc:subfield code="c">XA-DE</marc:subfield>
        </marc:datafield>
        <marc:datafield tag="082" ind1="7" ind2="4">
            <marc:subfield code="a">839</marc:subfield>
            <marc:subfield code="a">B</marc:subfield>
            <marc:subfield code="q">DE-101</marc:subfield>
            <marc:subfield code="2">23sdnb</marc:subfield>
        </marc:datafield>
        <marc:datafield tag="130" ind1="0" ind2=" ">
            <marc:subfield code="a">Se deg ikke tilbake!</marc:subfield>
        </marc:datafield>
        <marc:datafield tag="245" ind1="1" ind2="0">
            <marc:subfield code="a">Fremde Blicke</marc:subfield>
            <marc:subfield code="b">Kriminalhörspiel</marc:subfield>
            <marc:subfield code="c">DeutschlandRadio. Karin Fossum. Mit Winfried Galtzeder ; Lars Rudolph u.v.a. Regie Götz Naleppa. Übers. Gabriele Haefs</marc:subfield>
        </marc:datafield>
        <marc:datafield tag="264" ind1=" " ind2="1">
            <marc:subfield code="a">Leipzig</marc:subfield>
            <marc:subfield code="a">Frankfurt am Main</marc:subfield>
            <marc:subfield code="b">Deutsche Nationalbibliothek</marc:subfield>
            <marc:subfield code="c">2019</marc:subfield>
        </marc:datafield>
        <marc:datafield tag="300" ind1=" " ind2=" ">
            <marc:subfield code="a">1 Online-Ressource (1 CD)</marc:subfield>
            <marc:subfield code="b">stereo</marc:subfield>
        </marc:datafield>
        <marc:datafield tag="336" ind1=" " ind2=" ">
            <marc:subfield code="a">gesprochenes Wort</marc:subfield>
            <marc:subfield code="b">spw</marc:subfield>
            <marc:subfield code="2">rdacontent</marc:subfield>
        </marc:datafield>
        <marc:datafield tag="337" ind1=" " ind2=" ">
            <marc:subfield code="a">Computermedien</marc:subfield>
            <marc:subfield code="b">c</marc:subfield>
            <marc:subfield code="2">rdamedia</marc:subfield>
        </marc:datafield>
        <marc:datafield tag="338" ind1=" " ind2=" ">
            <marc:subfield code="a">Online-Ressource</marc:subfield>
            <marc:subfield code="b">cr</marc:subfield>
            <marc:subfield code="2">rdacarrier</marc:subfield>
        </marc:datafield>
        <marc:datafield tag="583" ind1="1" ind2=" ">
            <marc:subfield code="a">Archivierung/Langzeitarchivierung gewährleistet</marc:subfield>
            <marc:subfield code="5">DE-101</marc:subfield>
            <marc:subfield code="2">pdager</marc:subfield>
        </marc:datafield>
        <marc:datafield tag="700" ind1="1" ind2=" ">
            <marc:subfield code="0">(DE-588)120908573</marc:subfield>
            <marc:subfield code="0">https://d-nb.info/gnd/120908573</marc:subfield>
            <marc:subfield code="0">(DE-101)120908573</marc:subfield>
            <marc:subfield code="a">Fossum, Karin</marc:subfield>
            <marc:subfield code="d">1954-</marc:subfield>
            <marc:subfield code="e">Mitwirkender</marc:subfield>
            <marc:subfield code="4">ctb</marc:subfield>
            <marc:subfield code="2">gnd</marc:subfield>
        </marc:datafield>
        <marc:datafield tag="700" ind1="1" ind2=" ">
            <marc:subfield code="0">(DE-588)124078680</marc:subfield>
            <marc:subfield code="0">https://d-nb.info/gnd/124078680</marc:subfield>
            <marc:subfield code="0">(DE-101)124078680</marc:subfield>
            <marc:subfield code="a">Glatzeder, Winfried</marc:subfield>
            <marc:subfield code="d">1945-</marc:subfield>
            <marc:subfield code="e">Mitwirkender</marc:subfield>
            <marc:subfield code="4">ctb</marc:subfield>
            <marc:subfield code="2">gnd</marc:subfield>
        </marc:datafield>
        <marc:datafield tag="700" ind1="1" ind2=" ">
            <marc:subfield code="0">(DE-588)124078702</marc:subfield>
            <marc:subfield code="0">https://d-nb.info/gnd/124078702</marc:subfield>
            <marc:subfield code="0">(DE-101)124078702</marc:subfield>
            <marc:subfield code="a">Naleppa, Götz</marc:subfield>
            <marc:subfield code="d">1943-</marc:subfield>
            <marc:subfield code="e">Mitwirkender</marc:subfield>
            <marc:subfield code="4">ctb</marc:subfield>
            <marc:subfield code="2">gnd</marc:subfield>
        </marc:datafield>
        <marc:datafield tag="710" ind1="2" ind2=" ">
            <marc:subfield code="0">(DE-588)10071073-6</marc:subfield>
            <marc:subfield code="0">https://d-nb.info/gnd/10071073-6</marc:subfield>
            <marc:subfield code="0">(DE-101)969935773</marc:subfield>
            <marc:subfield code="a">Funkhaus Berlin (Deutschlandradio Berlin)</marc:subfield>
            <marc:subfield code="e">Herausgebendes Organ</marc:subfield>
            <marc:subfield code="4">isb</marc:subfield>
            <marc:subfield code="2">gnd</marc:subfield>
        </marc:datafield>
        <marc:datafield tag="775" ind1="0" ind2="8">
            <marc:subfield code="i">Digitale Übertragung von</marc:subfield>
            <marc:subfield code="t">Fremde Blicke</marc:subfield>
            <marc:subfield code="d">[Berlin] : Der @Audio-Verl., 2002</marc:subfield>
            <marc:subfield code="h">1 CD, stereo</marc:subfield>
            <marc:subfield code="w">(DE-101)965263762</marc:subfield>
        </marc:datafield>
        <marc:datafield tag="856" ind1="4" ind2="0">
            <marc:subfield code="u">https://nbn-resolving.org/urn:nbn:de:101:1-2019030217482892386152</marc:subfield>
            <marc:subfield code="x">Resolving-System</marc:subfield>
        </marc:datafield>
        <marc:datafield tag="856" ind1=" " ind2="0">
            <marc:subfield code="u">https://d-nb.info/1178598691/34</marc:subfield>
            <marc:subfield code="x">Langzeitarchivierung Nationalbibliothek</marc:subfield>
        </marc:datafield>
    </marc:record>