
    <marc:record>
        <marc:leader>02501pam a2200553 c 4500</marc:leader>
        <marc:controlfield tag="001">1137717297</marc:controlfield>
        <marc:controlfield tag="003">DE-101</marc:controlfield>
        <marc:controlfield tag="005">20171023233826.0</marc:controlfield>
        <marc:controlfield tag="007">tu</marc:controlfield>
        <marc:controlfield tag="008">170804s2017    gw ||||| |||| 00||||ger  </marc:controlfield>
        <marc:datafield tag="015" ind1=" " ind2=" ">
            <marc:subfield code="a">17,A44</marc:subfield>
            <marc:subfield code="z">17,N32</marc:subfield>
            <marc:subfield code="2">dnb</marc:subfield>
        </marc:datafield>
        <marc:datafield tag="016" ind1="7" ind2=" ">
            <marc:subfield code="2">DE-101</marc:subfield>
            <marc:subfield code="a">1137717297</marc:subfield>
        </marc:datafield>
        <marc:datafield tag="020" ind1=" " ind2=" ">
            <marc:subfield code="a">9783492500340</marc:subfield>
            <marc:subfield code="c">Broschur : EUR 15.99 (DE), EUR 16.50 (AT), CHF 21.50 (freier Preis)</marc:subfield>
            <marc:subfield code="9">978-3-492-50034-0</marc:subfield>
        </marc:datafield>
        <marc:datafield tag="020" ind1=" " ind2=" ">
            <marc:subfield code="a">349250034X</marc:subfield>
            <marc:subfield code="9">3-492-50034-X</marc:subfield>
        </marc:datafield>
        <marc:datafield tag="024" ind1="3" ind2=" ">
            <marc:subfield code="a">9783492500340</marc:subfield>
        </marc:datafield>
        <marc:datafield tag="035" ind1=" " ind2=" ">
            <marc:subfield code="a">(DE-599)DNB1137717297</marc:subfield>
        </marc:datafield>
        <marc:datafield tag="035" ind1=" " ind2=" ">
            <marc:subfield code="a">(OCoLC)1000402346</marc:subfield>
        </marc:datafield>
        <marc:datafield tag="040" ind1=" " ind2=" ">
            <marc:subfield code="a">1245</marc:subfield>
            <marc:subfield code="b">ger</marc:subfield>
            <marc:subfield code="c">DE-101</marc:subfield>
            <marc:subfield code="d">9999</marc:subfield>
            <marc:subfield code="e">rda</marc:subfield>
        </marc:datafield>
        <marc:datafield tag="041" ind1=" " ind2=" ">
            <marc:subfield code="a">ger</marc:subfield>
            <marc:subfield code="h">nor</marc:subfield>
        </marc:datafield>
        <marc:datafield tag="044" ind1=" " ind2=" ">
            <marc:subfield code="c">XA-DE-BY</marc:subfield>
        </marc:datafield>
        <marc:datafield tag="082" ind1="7" ind2="4">
            <marc:subfield code="a">839</marc:subfield>
            <marc:subfield code="a">B</marc:subfield>
            <marc:subfield code="q">DE-101</marc:subfield>
            <marc:subfield code="2">23sdnb</marc:subfield>
        </marc:datafield>
        <marc:datafield tag="090" ind1=" " ind2=" ">
            <marc:subfield code="a">b</marc:subfield>
        </marc:datafield>
        <marc:datafield tag="100" ind1="1" ind2=" ">
            <marc:subfield code="0">(DE-588)120908573</marc:subfield>
            <marc:subfield code="0">https://d-nb.info/gnd/120908573</marc:subfield>
            <marc:subfield code="0">(DE-101)120908573</marc:subfield>
            <marc:subfield code="a">Fossum, Karin</marc:subfield>
            <marc:subfield code="d">1954-</marc:subfield>
            <marc:subfield code="e">Verfasser</marc:subfield>
            <marc:subfield code="4">aut</marc:subfield>
            <marc:subfield code="2">gnd</marc:subfield>
        </marc:datafield>
        <marc:datafield tag="240" ind1="1" ind2="0">
            <marc:subfield code="a">Elskede Poona</marc:subfield>
        </marc:datafield>
        <marc:datafield tag="245" ind1="1" ind2="0">
            <marc:subfield code="a">Stumme Schreie</marc:subfield>
            <marc:subfield code="b">Roman</marc:subfield>
            <marc:subfield code="c">Karin Fossum ; Übersetzung aus dem Norwegischen von Gabriele Haefs</marc:subfield>
        </marc:datafield>
        <marc:datafield tag="264" ind1=" " ind2="1">
            <marc:subfield code="a">München</marc:subfield>
            <marc:subfield code="b">Piper</marc:subfield>
            <marc:subfield code="c">Juni 2017</marc:subfield>
        </marc:datafield>
        <marc:datafield tag="300" ind1=" " ind2=" ">
            <marc:subfield code="a">317 Seiten</marc:subfield>
            <marc:subfield code="c">21 cm, 320 g</marc:subfield>
        </marc:datafield>
        <marc:datafield tag="336" ind1=" " ind2=" ">
            <marc:subfield code="a">Text</marc:subfield>
            <marc:subfield code="b">txt</marc:subfield>
            <marc:subfield code="2">rdacontent</marc:subfield>
        </marc:datafield>
        <marc:datafield tag="337" ind1=" " ind2=" ">
            <marc:subfield code="a">ohne Hilfsmittel zu benutzen</marc:subfield>
            <marc:subfield code="b">n</marc:subfield>
            <marc:subfield code="2">rdamedia</marc:subfield>
        </marc:datafield>
        <marc:datafield tag="338" ind1=" " ind2=" ">
            <marc:subfield code="a">Band</marc:subfield>
            <marc:subfield code="b">nc</marc:subfield>
            <marc:subfield code="2">rdacarrier</marc:subfield>
        </marc:datafield>
        <marc:datafield tag="490" ind1="0" ind2=" ">
            <marc:subfield code="a">Piper F</marc:subfield>
        </marc:datafield>
        <marc:datafield tag="653" ind1=" " ind2=" ">
            <marc:subfield code="a">(Produktform)Paperback / softback</marc:subfield>
        </marc:datafield>
        <marc:datafield tag="653" ind1=" " ind2=" ">
            <marc:subfield code="a">(BISAC Subject Heading)FIC022020</marc:subfield>
        </marc:datafield>
        <marc:datafield tag="653" ind1=" " ind2=" ">
            <marc:subfield code="a">Konrad Sejer</marc:subfield>
        </marc:datafield>
        <marc:datafield tag="653" ind1=" " ind2=" ">
            <marc:subfield code="a">Indien</marc:subfield>
        </marc:datafield>
        <marc:datafield tag="653" ind1=" " ind2=" ">
            <marc:subfield code="a">Psychologische Spannung</marc:subfield>
        </marc:datafield>
        <marc:datafield tag="653" ind1=" " ind2=" ">
            <marc:subfield code="a">Liebe</marc:subfield>
        </marc:datafield>
        <marc:datafield tag="653" ind1=" " ind2=" ">
            <marc:subfield code="a">Skandinavien Krimi</marc:subfield>
        </marc:datafield>
        <marc:datafield tag="653" ind1=" " ind2=" ">
            <marc:subfield code="a">poona</marc:subfield>
        </marc:datafield>
        <marc:datafield tag="653" ind1=" " ind2=" ">
            <marc:subfield code="a">(BISAC Subject Heading)FIC022020: FICTION / Mystery &amp; Detective / Police Procedural</marc:subfield>
        </marc:datafield>
        <marc:datafield tag="653" ind1=" " ind2=" ">
            <marc:subfield code="a">(VLB-WN)2121: Taschenbuch / Belletristik/Krimis, Thriller, Spionage</marc:subfield>
        </marc:datafield>
        <marc:datafield tag="655" ind1=" " ind2="7">
            <marc:subfield code="0">(DE-588)1071854844</marc:subfield>
            <marc:subfield code="0">https://d-nb.info/gnd/1071854844</marc:subfield>
            <marc:subfield code="0">(DE-101)1071854844</marc:subfield>
            <marc:subfield code="a">Fiktionale Darstellung</marc:subfield>
            <marc:subfield code="2">gnd-content</marc:subfield>
        </marc:datafield>
        <marc:datafield tag="655" ind1=" " ind2="7">
            <marc:subfield code="0">(DE-101)1010874802</marc:subfield>
            <marc:subfield code="a">Krimis, Thriller, Spionage</marc:subfield>
            <marc:subfield code="2">gatbeg</marc:subfield>
        </marc:datafield>
        <marc:datafield tag="700" ind1="1" ind2=" ">
            <marc:subfield code="0">(DE-588)120350114</marc:subfield>
            <marc:subfield code="0">https://d-nb.info/gnd/120350114</marc:subfield>
            <marc:subfield code="0">(DE-101)120350114</marc:subfield>
            <marc:subfield code="a">Haefs, Gabriele</marc:subfield>
            <marc:subfield code="d">1953-</marc:subfield>
            <marc:subfield code="e">Übersetzer</marc:subfield>
            <marc:subfield code="4">trl</marc:subfield>
            <marc:subfield code="2">gnd</marc:subfield>
        </marc:datafield>
        <marc:datafield tag="710" ind1="2" ind2=" ">
            <marc:subfield code="8">1\p</marc:subfield>
            <marc:subfield code="0">(DE-588)10078672-8</marc:subfield>
            <marc:subfield code="0">https://d-nb.info/gnd/10078672-8</marc:subfield>
            <marc:subfield code="0">(DE-101)971234752</marc:subfield>
            <marc:subfield code="a">Piper Verlag</marc:subfield>
            <marc:subfield code="e">Verlag</marc:subfield>
            <marc:subfield code="4">pbl</marc:subfield>
            <marc:subfield code="2">gnd</marc:subfield>
        </marc:datafield>
        <marc:datafield tag="776" ind1="0" ind2="8">
            <marc:subfield code="i">Erscheint auch als</marc:subfield>
            <marc:subfield code="n">Druck-Ausgabe</marc:subfield>
            <marc:subfield code="z">9783492237024</marc:subfield>
        </marc:datafield>
        <marc:datafield tag="776" ind1="0" ind2="8">
            <marc:subfield code="i">Erscheint auch als</marc:subfield>
            <marc:subfield code="n">Online-Ausgabe</marc:subfield>
            <marc:subfield code="a">Fossum, Karin, 1954-</marc:subfield>
            <marc:subfield code="t">Stumme Schreie</marc:subfield>
            <marc:subfield code="d">München : Piper ebooks, 2015</marc:subfield>
            <marc:subfield code="h">Online-Ressource</marc:subfield>
            <marc:subfield code="w">(DE-101)1079068112</marc:subfield>
        </marc:datafield>
        <marc:datafield tag="776" ind1="0" ind2="8">
            <marc:subfield code="i">Elektronische Reproduktion</marc:subfield>
            <marc:subfield code="z">9783492982382</marc:subfield>
        </marc:datafield>
        <marc:datafield tag="856" ind1="4" ind2="2">
            <marc:subfield code="m">X:MVB</marc:subfield>
            <marc:subfield code="q">text/html</marc:subfield>
            <marc:subfield code="u">http://deposit.dnb.de/cgi-bin/dokserv?id=3ba972f2c3184b01b84ab8e180735a13&amp;prov=M&amp;dok_var=1&amp;dok_ext=htm</marc:subfield>
            <marc:subfield code="3">Inhaltstext</marc:subfield>
        </marc:datafield>
    </marc:record>