
    <marc:record>
        <marc:leader>01570nam a2200337 cc4500</marc:leader>
        <marc:controlfield tag="001">997124016</marc:controlfield>
        <marc:controlfield tag="003">DE-101</marc:controlfield>
        <marc:controlfield tag="005">20200506143147.0</marc:controlfield>
        <marc:controlfield tag="007">co||||||||||||</marc:controlfield>
        <marc:controlfield tag="008">090930s2009    gw |||||q|||| 00||||ger  </marc:controlfield>
        <marc:datafield tag="015" ind1=" " ind2=" ">
            <marc:subfield code="a">09,A43,1867</marc:subfield>
            <marc:subfield code="2">dnb</marc:subfield>
        </marc:datafield>
        <marc:datafield tag="016" ind1="7" ind2=" ">
            <marc:subfield code="2">DE-101</marc:subfield>
            <marc:subfield code="a">997124016</marc:subfield>
        </marc:datafield>
        <marc:datafield tag="020" ind1=" " ind2=" ">
            <marc:subfield code="a">9783898138567</marc:subfield>
            <marc:subfield code="c">: EUR 24.99 (DE, freier Pr.), EUR 25.70 (AT, freier Pr.), sfr 47.50 (freier Pr.)</marc:subfield>
            <marc:subfield code="9">978-3-89813-856-7</marc:subfield>
        </marc:datafield>
        <marc:datafield tag="035" ind1=" " ind2=" ">
            <marc:subfield code="a">(DE-599)DNB997124016</marc:subfield>
        </marc:datafield>
        <marc:datafield tag="035" ind1=" " ind2=" ">
            <marc:subfield code="a">(OCoLC)724098086</marc:subfield>
        </marc:datafield>
        <marc:datafield tag="040" ind1=" " ind2=" ">
            <marc:subfield code="a">1149</marc:subfield>
            <marc:subfield code="b">ger</marc:subfield>
            <marc:subfield code="c">DE-101</marc:subfield>
            <marc:subfield code="d">1166</marc:subfield>
        </marc:datafield>
        <marc:datafield tag="041" ind1=" " ind2=" ">
            <marc:subfield code="a">ger</marc:subfield>
            <marc:subfield code="h">nor</marc:subfield>
        </marc:datafield>
        <marc:datafield tag="044" ind1=" " ind2=" ">
            <marc:subfield code="c">XA-DE-BE</marc:subfield>
        </marc:datafield>
        <marc:datafield tag="082" ind1="7" ind2="4">
            <marc:subfield code="a">839</marc:subfield>
            <marc:subfield code="a">B</marc:subfield>
            <marc:subfield code="q">DE-101</marc:subfield>
            <marc:subfield code="2">22sdnb</marc:subfield>
        </marc:datafield>
        <marc:datafield tag="245" ind1="0" ind2="0">
            <marc:subfield code="a">Kalt wie der Tod</marc:subfield>
            <marc:subfield code="n">CD 4.</marc:subfield>
            <marc:subfield code="p">Wer den Wolf fürchtet / Karin Fossum. Sprecherinnen und Sprecher Konrad Sejer Winfried Glatzeder ...</marc:subfield>
            <marc:subfield code="c">NDR Info ...</marc:subfield>
        </marc:datafield>
        <marc:datafield tag="264" ind1="3" ind2="1">
            <marc:subfield code="a">[Berlin]</marc:subfield>
            <marc:subfield code="b">DAV</marc:subfield>
            <marc:subfield code="c">2009</marc:subfield>
        </marc:datafield>
        <marc:datafield tag="300" ind1=" " ind2=" ">
            <marc:subfield code="a">1 CD</marc:subfield>
            <marc:subfield code="b">stereo</marc:subfield>
        </marc:datafield>
        <marc:datafield tag="336" ind1=" " ind2=" ">
            <marc:subfield code="a">gesprochenes Wort</marc:subfield>
            <marc:subfield code="b">spw</marc:subfield>
            <marc:subfield code="2">rdacontent</marc:subfield>
        </marc:datafield>
        <marc:datafield tag="337" ind1=" " ind2=" ">
            <marc:subfield code="a">audio</marc:subfield>
            <marc:subfield code="b">s</marc:subfield>
            <marc:subfield code="2">rdamedia</marc:subfield>
        </marc:datafield>
        <marc:datafield tag="338" ind1=" " ind2=" ">
            <marc:subfield code="a">Audiodisk</marc:subfield>
            <marc:subfield code="b">sd</marc:subfield>
            <marc:subfield code="2">rdacarrier</marc:subfield>
        </marc:datafield>
        <marc:datafield tag="500" ind1=" " ind2=" ">
            <marc:subfield code="a">Produktionsjahr: 2003. - Aus dem Norweg. übers.</marc:subfield>
        </marc:datafield>
        <marc:datafield tag="655" ind1=" " ind2="7">
            <marc:subfield code="0">(DE-588)4522869-3</marc:subfield>
            <marc:subfield code="0">https://d-nb.info/gnd/4522869-3</marc:subfield>
            <marc:subfield code="0">(DE-101)955174880</marc:subfield>
            <marc:subfield code="a">CD</marc:subfield>
            <marc:subfield code="2">gnd-carrier</marc:subfield>
        </marc:datafield>
        <marc:datafield tag="700" ind1="1" ind2=" ">
            <marc:subfield code="0">(DE-588)120908573</marc:subfield>
            <marc:subfield code="0">https://d-nb.info/gnd/120908573</marc:subfield>
            <marc:subfield code="0">(DE-101)120908573</marc:subfield>
            <marc:subfield code="a">Fossum, Karin</marc:subfield>
            <marc:subfield code="d">1954-</marc:subfield>
            <marc:subfield code="e">Mitwirkender</marc:subfield>
            <marc:subfield code="4">ctb</marc:subfield>
            <marc:subfield code="2">gnd</marc:subfield>
        </marc:datafield>
        <marc:datafield tag="700" ind1="1" ind2=" ">
            <marc:subfield code="0">(DE-588)124078680</marc:subfield>
            <marc:subfield code="0">https://d-nb.info/gnd/124078680</marc:subfield>
            <marc:subfield code="0">(DE-101)124078680</marc:subfield>
            <marc:subfield code="a">Glatzeder, Winfried</marc:subfield>
            <marc:subfield code="d">1945-</marc:subfield>
            <marc:subfield code="e">Mitwirkender</marc:subfield>
            <marc:subfield code="4">ctb</marc:subfield>
            <marc:subfield code="2">gnd</marc:subfield>
        </marc:datafield>
        <marc:datafield tag="773" ind1="0" ind2="8">
            <marc:subfield code="q">cd14</marc:subfield>
            <marc:subfield code="w">(DE-101)997123958</marc:subfield>
        </marc:datafield>
        <marc:datafield tag="775" ind1="0" ind2="8">
            <marc:subfield code="i">Digitale Übertragung</marc:subfield>
            <marc:subfield code="t">Kalt wie der Tod</marc:subfield>
            <marc:subfield code="d">Leipzig ; Frankfurt am Main : Deutsche Nationalbibliothek, 2020</marc:subfield>
            <marc:subfield code="h">Online-Ressourcen (CDs)</marc:subfield>
            <marc:subfield code="w">(DE-101)1209638339</marc:subfield>
        </marc:datafield>
    </marc:record>