
    <marc:record>
        <marc:leader>03612pam a2200613 c 4500</marc:leader>
        <marc:controlfield tag="001">973558369</marc:controlfield>
        <marc:controlfield tag="003">DE-101</marc:controlfield>
        <marc:controlfield tag="005">20191004012133.0</marc:controlfield>
        <marc:controlfield tag="007">tu</marc:controlfield>
        <marc:controlfield tag="008">050127s2005    gw ||||| |||| 00||||ger  </marc:controlfield>
        <marc:datafield tag="015" ind1=" " ind2=" ">
            <marc:subfield code="a">05,A30,1743</marc:subfield>
            <marc:subfield code="z">05,N08,1540</marc:subfield>
            <marc:subfield code="2">dnb</marc:subfield>
        </marc:datafield>
        <marc:datafield tag="016" ind1="7" ind2=" ">
            <marc:subfield code="2">DE-101</marc:subfield>
            <marc:subfield code="a">973558369</marc:subfield>
        </marc:datafield>
        <marc:datafield tag="020" ind1=" " ind2=" ">
            <marc:subfield code="a">9783492244206</marc:subfield>
            <marc:subfield code="c">kart. : EUR 8.90 (DE), EUR 9.20 (AT), sfr 16.50</marc:subfield>
            <marc:subfield code="9">978-3-492-24420-6</marc:subfield>
        </marc:datafield>
        <marc:datafield tag="020" ind1=" " ind2=" ">
            <marc:subfield code="a">3492244203</marc:subfield>
            <marc:subfield code="c">kart. : EUR 8.90 (DE), EUR 9.20 (AT), sfr 16.50</marc:subfield>
            <marc:subfield code="9">3-492-24420-3</marc:subfield>
        </marc:datafield>
        <marc:datafield tag="024" ind1="3" ind2=" ">
            <marc:subfield code="a">9783492244206</marc:subfield>
        </marc:datafield>
        <marc:datafield tag="035" ind1=" " ind2=" ">
            <marc:subfield code="a">(DE-599)DNB973558369</marc:subfield>
        </marc:datafield>
        <marc:datafield tag="035" ind1=" " ind2=" ">
            <marc:subfield code="a">(OCoLC)76666269</marc:subfield>
        </marc:datafield>
        <marc:datafield tag="040" ind1=" " ind2=" ">
            <marc:subfield code="a">1245</marc:subfield>
            <marc:subfield code="b">ger</marc:subfield>
            <marc:subfield code="c">DE-101</marc:subfield>
            <marc:subfield code="d">9999</marc:subfield>
        </marc:datafield>
        <marc:datafield tag="041" ind1=" " ind2=" ">
            <marc:subfield code="a">ger</marc:subfield>
            <marc:subfield code="h">nor</marc:subfield>
        </marc:datafield>
        <marc:datafield tag="044" ind1=" " ind2=" ">
            <marc:subfield code="c">XA-DE-BY</marc:subfield>
        </marc:datafield>
        <marc:datafield tag="082" ind1="7" ind2="4">
            <marc:subfield code="a">839</marc:subfield>
            <marc:subfield code="a">B</marc:subfield>
            <marc:subfield code="q">DE-101</marc:subfield>
            <marc:subfield code="2">22sdnb</marc:subfield>
        </marc:datafield>
        <marc:datafield tag="090" ind1=" " ind2=" ">
            <marc:subfield code="a">b</marc:subfield>
        </marc:datafield>
        <marc:datafield tag="245" ind1="0" ind2="0">
            <marc:subfield code="a">Tod am Fjord</marc:subfield>
            <marc:subfield code="b">Neues aus Norwegen von Ambjørnsen bis Fossum</marc:subfield>
            <marc:subfield code="c">hrsg. von Holger Wolandt. Aus dem Norweg. von Gabriele Haefs ...</marc:subfield>
        </marc:datafield>
        <marc:datafield tag="250" ind1=" " ind2=" ">
            <marc:subfield code="a">Dt. Erstausg.</marc:subfield>
        </marc:datafield>
        <marc:datafield tag="259" ind1=" " ind2=" ">
            <marc:subfield code="a">dte</marc:subfield>
        </marc:datafield>
        <marc:datafield tag="264" ind1=" " ind2="1">
            <marc:subfield code="a">München</marc:subfield>
            <marc:subfield code="a">Zürich</marc:subfield>
            <marc:subfield code="b">Piper</marc:subfield>
            <marc:subfield code="c">2005</marc:subfield>
        </marc:datafield>
        <marc:datafield tag="300" ind1=" " ind2=" ">
            <marc:subfield code="a">281 S.</marc:subfield>
            <marc:subfield code="c">19 cm</marc:subfield>
        </marc:datafield>
        <marc:datafield tag="336" ind1=" " ind2=" ">
            <marc:subfield code="a">Text</marc:subfield>
            <marc:subfield code="b">txt</marc:subfield>
            <marc:subfield code="2">rdacontent</marc:subfield>
        </marc:datafield>
        <marc:datafield tag="337" ind1=" " ind2=" ">
            <marc:subfield code="a">ohne Hilfsmittel zu benutzen</marc:subfield>
            <marc:subfield code="b">n</marc:subfield>
            <marc:subfield code="2">rdamedia</marc:subfield>
        </marc:datafield>
        <marc:datafield tag="338" ind1=" " ind2=" ">
            <marc:subfield code="a">Band</marc:subfield>
            <marc:subfield code="b">nc</marc:subfield>
            <marc:subfield code="2">rdacarrier</marc:subfield>
        </marc:datafield>
        <marc:datafield tag="490" ind1="1" ind2=" ">
            <marc:subfield code="a">Piper</marc:subfield>
            <marc:subfield code="v">4420</marc:subfield>
        </marc:datafield>
        <marc:datafield tag="520" ind1=" " ind2=" ">
            <marc:subfield code="a">Dunkle Fjorde, hohe Berge und scheinbar idyllische Sommerlandschaften - der ideale Hintergrund für mörderische Geschichten aus Norwegen. Und wenn im Winter die Sonne monatelang nicht über die Berge kommt, werden finstere Pläne geschmiedet, wie sich unliebsame Ehemänner und Liebhaber aus dem Weg räumen lassen ... Holger Wolandt hat in seinem Buch die besten norwegischen Geschichten versammelt: spannende, humorvolle und hintergründige Erzählungen, die hier zum ersten Mal auf deutsch veröffentlicht werden, geschrieben von bekannten Autorinnen und Autoren wie Karin Fossum und Ingvar Ambjørnsen, Gunnar Staalesen, Jo Nesbø und Kjell Ola Dahl.</marc:subfield>
        </marc:datafield>
        <marc:datafield tag="650" ind1=" " ind2="7">
            <marc:subfield code="0">(DE-588)4120291-0</marc:subfield>
            <marc:subfield code="0">https://d-nb.info/gnd/4120291-0</marc:subfield>
            <marc:subfield code="0">(DE-101)041202910</marc:subfield>
            <marc:subfield code="a">Norwegisch</marc:subfield>
            <marc:subfield code="9">rswk-swf</marc:subfield>
            <marc:subfield code="2">gnd</marc:subfield>
        </marc:datafield>
        <marc:datafield tag="650" ind1=" " ind2="7">
            <marc:subfield code="0">(DE-588)4165727-5</marc:subfield>
            <marc:subfield code="0">https://d-nb.info/gnd/4165727-5</marc:subfield>
            <marc:subfield code="0">(DE-101)041657276</marc:subfield>
            <marc:subfield code="a">Kriminalgeschichte</marc:subfield>
            <marc:subfield code="9">rswk-swf</marc:subfield>
            <marc:subfield code="2">gnd</marc:subfield>
        </marc:datafield>
        <marc:datafield tag="653" ind1=" " ind2=" ">
            <marc:subfield code="a">(VLB-PF)BC: Paperback</marc:subfield>
        </marc:datafield>
        <marc:datafield tag="653" ind1=" " ind2=" ">
            <marc:subfield code="a">(VLB-WI)2: Taschenbuch</marc:subfield>
        </marc:datafield>
        <marc:datafield tag="653" ind1=" " ind2=" ">
            <marc:subfield code="a">(VLB-WG)120: Belletristik / Kriminalromane</marc:subfield>
        </marc:datafield>
        <marc:datafield tag="653" ind1=" " ind2=" ">
            <marc:subfield code="a">(BISAC Subject Heading)FIC003000</marc:subfield>
        </marc:datafield>
        <marc:datafield tag="653" ind1=" " ind2=" ">
            <marc:subfield code="a">(BISAC Subject Heading)FIC000000: FICTION / General</marc:subfield>
        </marc:datafield>
        <marc:datafield tag="653" ind1=" " ind2=" ">
            <marc:subfield code="a">(BISAC Subject Heading)FIC022000: FICTION / Mystery &amp; Detective / General</marc:subfield>
        </marc:datafield>
        <marc:datafield tag="653" ind1=" " ind2=" ">
            <marc:subfield code="a">(BISAC Subject Heading)FIC029000: FICTION / Short Stories (single author)</marc:subfield>
        </marc:datafield>
        <marc:datafield tag="653" ind1=" " ind2=" ">
            <marc:subfield code="a">Kurzkrimis;Skandinavien Krimi;Roy Jacobsen;Levi Henriksen;Kjersti Scheen;Holger Wolandt;Jo Nesbø;Karin Fossum;Anthologie;Norwegen;Fjord;Kurzgeschichten;Norwegen Krimi</marc:subfield>
        </marc:datafield>
        <marc:datafield tag="653" ind1=" " ind2=" ">
            <marc:subfield code="a">(BISAC Subject Heading)FIC003000: FICTION / Anthologies (multiple authors)</marc:subfield>
        </marc:datafield>
        <marc:datafield tag="655" ind1=" " ind2="7">
            <marc:subfield code="0">(DE-588)4002214-6</marc:subfield>
            <marc:subfield code="0">https://d-nb.info/gnd/4002214-6</marc:subfield>
            <marc:subfield code="0">(DE-101)040022145</marc:subfield>
            <marc:subfield code="a">Anthologie</marc:subfield>
            <marc:subfield code="2">gnd-content</marc:subfield>
        </marc:datafield>
        <marc:datafield tag="655" ind1=" " ind2="7">
            <marc:subfield code="a">Anthologie</marc:subfield>
            <marc:subfield code="9">rswk-swf</marc:subfield>
            <marc:subfield code="2">gnd</marc:subfield>
        </marc:datafield>
        <marc:datafield tag="655" ind1=" " ind2="7">
            <marc:subfield code="0">(DE-101)1010874802</marc:subfield>
            <marc:subfield code="a">Krimis, Thriller, Spionage</marc:subfield>
            <marc:subfield code="2">gatbeg</marc:subfield>
        </marc:datafield>
        <marc:datafield tag="655" ind1=" " ind2="7">
            <marc:subfield code="0">(DE-101)1010839047</marc:subfield>
            <marc:subfield code="a">Erzählende Literatur: Anthologien</marc:subfield>
            <marc:subfield code="2">gatbeg</marc:subfield>
        </marc:datafield>
        <marc:datafield tag="689" ind1="0" ind2="0">
            <marc:subfield code="0">(DE-588)4120291-0</marc:subfield>
            <marc:subfield code="0">https://d-nb.info/gnd/4120291-0</marc:subfield>
            <marc:subfield code="0">(DE-101)041202910</marc:subfield>
            <marc:subfield code="D">s</marc:subfield>
            <marc:subfield code="a">Norwegisch</marc:subfield>
        </marc:datafield>
        <marc:datafield tag="689" ind1="0" ind2="1">
            <marc:subfield code="0">(DE-588)4165727-5</marc:subfield>
            <marc:subfield code="0">https://d-nb.info/gnd/4165727-5</marc:subfield>
            <marc:subfield code="0">(DE-101)041657276</marc:subfield>
            <marc:subfield code="D">s</marc:subfield>
            <marc:subfield code="a">Kriminalgeschichte</marc:subfield>
        </marc:datafield>
        <marc:datafield tag="689" ind1="0" ind2="2">
            <marc:subfield code="A">f</marc:subfield>
            <marc:subfield code="a">Anthologie</marc:subfield>
        </marc:datafield>
        <marc:datafield tag="689" ind1="0" ind2=" ">
            <marc:subfield code="5">DE-101</marc:subfield>
            <marc:subfield code="5">DE-101</marc:subfield>
        </marc:datafield>
        <marc:datafield tag="700" ind1="1" ind2=" ">
            <marc:subfield code="0">(DE-588)120935864</marc:subfield>
            <marc:subfield code="0">https://d-nb.info/gnd/120935864</marc:subfield>
            <marc:subfield code="0">(DE-101)120935864</marc:subfield>
            <marc:subfield code="a">Wolandt, Holger</marc:subfield>
            <marc:subfield code="d">1962-</marc:subfield>
            <marc:subfield code="e">Herausgeber</marc:subfield>
            <marc:subfield code="4">edt</marc:subfield>
            <marc:subfield code="2">gnd</marc:subfield>
        </marc:datafield>
        <marc:datafield tag="830" ind1=" " ind2="0">
            <marc:subfield code="a">Piper</marc:subfield>
            <marc:subfield code="v">4420</marc:subfield>
            <marc:subfield code="w">(DE-101)015122727</marc:subfield>
            <marc:subfield code="w">(DE-600)970675-6</marc:subfield>
            <marc:subfield code="9">44420</marc:subfield>
            <marc:subfield code="7">as</marc:subfield>
        </marc:datafield>
        <marc:datafield tag="856" ind1="4" ind2="2">
            <marc:subfield code="m">V:DE-601</marc:subfield>
            <marc:subfield code="q">application/pdf</marc:subfield>
            <marc:subfield code="u">https://d-nb.info/973558369/04</marc:subfield>
            <marc:subfield code="3">Inhaltsverzeichnis</marc:subfield>
        </marc:datafield>
    </marc:record>