
    <marc:record>
        <marc:leader>02266pim a2200457 c 4500</marc:leader>
        <marc:controlfield tag="001">972791760</marc:controlfield>
        <marc:controlfield tag="003">DE-101</marc:controlfield>
        <marc:controlfield tag="005">20190509090413.0</marc:controlfield>
        <marc:controlfield tag="007">sd||||||||||||</marc:controlfield>
        <marc:controlfield tag="007">co||||||||||||</marc:controlfield>
        <marc:controlfield tag="008">041119s2005    gw |||||q|||||||||||ger  </marc:controlfield>
        <marc:datafield tag="015" ind1=" " ind2=" ">
            <marc:subfield code="a">05,A21,1950</marc:subfield>
            <marc:subfield code="z">04,N51,1848</marc:subfield>
            <marc:subfield code="2">dnb</marc:subfield>
        </marc:datafield>
        <marc:datafield tag="016" ind1="7" ind2=" ">
            <marc:subfield code="2">DE-101</marc:subfield>
            <marc:subfield code="a">972791760</marc:subfield>
        </marc:datafield>
        <marc:datafield tag="020" ind1=" " ind2=" ">
            <marc:subfield code="a">9783898133913</marc:subfield>
            <marc:subfield code="c">: EUR 14.95 (freier Pr.)</marc:subfield>
            <marc:subfield code="9">978-3-89813-391-3</marc:subfield>
        </marc:datafield>
        <marc:datafield tag="020" ind1=" " ind2=" ">
            <marc:subfield code="a">3898133915</marc:subfield>
            <marc:subfield code="c">: EUR 14.95 (freier Pr.)</marc:subfield>
            <marc:subfield code="9">3-89813-391-5</marc:subfield>
        </marc:datafield>
        <marc:datafield tag="024" ind1="3" ind2=" ">
            <marc:subfield code="a">9783898133913</marc:subfield>
        </marc:datafield>
        <marc:datafield tag="035" ind1=" " ind2=" ">
            <marc:subfield code="a">(DE-599)DNB972791760</marc:subfield>
        </marc:datafield>
        <marc:datafield tag="035" ind1=" " ind2=" ">
            <marc:subfield code="a">(OCoLC)179147965</marc:subfield>
        </marc:datafield>
        <marc:datafield tag="035" ind1=" " ind2=" ">
            <marc:subfield code="a">(OCoLC)723467581</marc:subfield>
        </marc:datafield>
        <marc:datafield tag="040" ind1=" " ind2=" ">
            <marc:subfield code="a">1145</marc:subfield>
            <marc:subfield code="b">ger</marc:subfield>
            <marc:subfield code="c">DE-101</marc:subfield>
            <marc:subfield code="d">1166</marc:subfield>
        </marc:datafield>
        <marc:datafield tag="041" ind1=" " ind2=" ">
            <marc:subfield code="a">ger</marc:subfield>
            <marc:subfield code="h">nor</marc:subfield>
        </marc:datafield>
        <marc:datafield tag="044" ind1=" " ind2=" ">
            <marc:subfield code="c">XA-DE-BE</marc:subfield>
        </marc:datafield>
        <marc:datafield tag="082" ind1="7" ind2="4">
            <marc:subfield code="a">839</marc:subfield>
            <marc:subfield code="a">B</marc:subfield>
            <marc:subfield code="q">DE-101</marc:subfield>
            <marc:subfield code="2">22sdnb</marc:subfield>
        </marc:datafield>
        <marc:datafield tag="245" ind1="0" ind2="0">
            <marc:subfield code="a">Wer den Wolf fürchtet</marc:subfield>
            <marc:subfield code="b">Kriminalhörspiel</marc:subfield>
            <marc:subfield code="c">DeutschlandRadio Berlin. Karin Fossum. Mit Lars Rudolph, Winfried Glatzeder u.v.a. Bearb. Andrea Czesienski. Regie Götz Naleppa</marc:subfield>
        </marc:datafield>
        <marc:datafield tag="264" ind1=" " ind2="1">
            <marc:subfield code="a">[Berlin]</marc:subfield>
            <marc:subfield code="b">Der Audio-Verl.</marc:subfield>
            <marc:subfield code="c">2005</marc:subfield>
        </marc:datafield>
        <marc:datafield tag="300" ind1=" " ind2=" ">
            <marc:subfield code="a">1 CD</marc:subfield>
            <marc:subfield code="b">stereo</marc:subfield>
            <marc:subfield code="c">12 cm, in Mappe 13 x 14 cm</marc:subfield>
            <marc:subfield code="e">Booklet (7 S.)</marc:subfield>
        </marc:datafield>
        <marc:datafield tag="336" ind1=" " ind2=" ">
            <marc:subfield code="a">gesprochenes Wort</marc:subfield>
            <marc:subfield code="b">spw</marc:subfield>
            <marc:subfield code="2">rdacontent</marc:subfield>
        </marc:datafield>
        <marc:datafield tag="337" ind1=" " ind2=" ">
            <marc:subfield code="a">audio</marc:subfield>
            <marc:subfield code="b">s</marc:subfield>
            <marc:subfield code="2">rdamedia</marc:subfield>
        </marc:datafield>
        <marc:datafield tag="338" ind1=" " ind2=" ">
            <marc:subfield code="a">Audiodisk</marc:subfield>
            <marc:subfield code="b">sd</marc:subfield>
            <marc:subfield code="2">rdacarrier</marc:subfield>
        </marc:datafield>
        <marc:datafield tag="653" ind1=" " ind2=" ">
            <marc:subfield code="a">(VLB-PF)AC: Audio-CD</marc:subfield>
        </marc:datafield>
        <marc:datafield tag="653" ind1=" " ind2=" ">
            <marc:subfield code="a">(VLB-PG)SD400: Audio-CD</marc:subfield>
        </marc:datafield>
        <marc:datafield tag="653" ind1=" " ind2=" ">
            <marc:subfield code="a">(VLB-PG)TQ500: Hörbücher</marc:subfield>
        </marc:datafield>
        <marc:datafield tag="653" ind1=" " ind2=" ">
            <marc:subfield code="a">(VLB-WI)5: Audio-CD, Cassette</marc:subfield>
        </marc:datafield>
        <marc:datafield tag="653" ind1=" " ind2=" ">
            <marc:subfield code="a">(VLB-WG)120: Belletristik / Kriminalromane</marc:subfield>
        </marc:datafield>
        <marc:datafield tag="655" ind1=" " ind2="7">
            <marc:subfield code="0">(DE-588)4522869-3</marc:subfield>
            <marc:subfield code="0">https://d-nb.info/gnd/4522869-3</marc:subfield>
            <marc:subfield code="0">(DE-101)955174880</marc:subfield>
            <marc:subfield code="a">CD</marc:subfield>
            <marc:subfield code="2">gnd-carrier</marc:subfield>
        </marc:datafield>
        <marc:datafield tag="700" ind1="1" ind2=" ">
            <marc:subfield code="0">(DE-588)120908573</marc:subfield>
            <marc:subfield code="0">https://d-nb.info/gnd/120908573</marc:subfield>
            <marc:subfield code="0">(DE-101)120908573</marc:subfield>
            <marc:subfield code="a">Fossum, Karin</marc:subfield>
            <marc:subfield code="d">1954-</marc:subfield>
            <marc:subfield code="e">Mitwirkender</marc:subfield>
            <marc:subfield code="4">ctb</marc:subfield>
            <marc:subfield code="2">gnd</marc:subfield>
        </marc:datafield>
        <marc:datafield tag="700" ind1="1" ind2=" ">
            <marc:subfield code="0">(DE-588)124145906</marc:subfield>
            <marc:subfield code="0">https://d-nb.info/gnd/124145906</marc:subfield>
            <marc:subfield code="0">(DE-101)124145906</marc:subfield>
            <marc:subfield code="a">Rudolph, Lars</marc:subfield>
            <marc:subfield code="d">1966-</marc:subfield>
            <marc:subfield code="e">Mitwirkender</marc:subfield>
            <marc:subfield code="4">ctb</marc:subfield>
            <marc:subfield code="2">gnd</marc:subfield>
        </marc:datafield>
        <marc:datafield tag="700" ind1="1" ind2=" ">
            <marc:subfield code="8">1\p</marc:subfield>
            <marc:subfield code="a">Czesienski, Andrea</marc:subfield>
            <marc:subfield code="e">Mitwirkender</marc:subfield>
            <marc:subfield code="4">ctb</marc:subfield>
        </marc:datafield>
        <marc:datafield tag="700" ind1="1" ind2=" ">
            <marc:subfield code="0">(DE-588)124078702</marc:subfield>
            <marc:subfield code="0">https://d-nb.info/gnd/124078702</marc:subfield>
            <marc:subfield code="0">(DE-101)124078702</marc:subfield>
            <marc:subfield code="a">Naleppa, Götz</marc:subfield>
            <marc:subfield code="d">1943-</marc:subfield>
            <marc:subfield code="e">Mitwirkender</marc:subfield>
            <marc:subfield code="4">ctb</marc:subfield>
            <marc:subfield code="2">gnd</marc:subfield>
        </marc:datafield>
        <marc:datafield tag="710" ind1="2" ind2=" ">
            <marc:subfield code="0">(DE-588)10071073-6</marc:subfield>
            <marc:subfield code="0">https://d-nb.info/gnd/10071073-6</marc:subfield>
            <marc:subfield code="0">(DE-101)969935773</marc:subfield>
            <marc:subfield code="a">Funkhaus Berlin (Deutschlandradio Berlin)</marc:subfield>
            <marc:subfield code="e">Herausgebendes Organ</marc:subfield>
            <marc:subfield code="4">isb</marc:subfield>
            <marc:subfield code="2">gnd</marc:subfield>
        </marc:datafield>
        <marc:datafield tag="775" ind1="0" ind2="8">
            <marc:subfield code="i">Digitale Übertragung</marc:subfield>
            <marc:subfield code="t">Wer den Wolf fürchtet</marc:subfield>
            <marc:subfield code="d">Leipzig ; Frankfurt am Main : Deutsche Nationalbibliothek, 2019</marc:subfield>
            <marc:subfield code="h">1 Online-Ressource (1 CD), stereo</marc:subfield>
            <marc:subfield code="w">(DE-101)1185657576</marc:subfield>
        </marc:datafield>
    </marc:record>