
    <marc:record>
        <marc:leader>02310pam a2200553 c 4500</marc:leader>
        <marc:controlfield tag="001">971692718</marc:controlfield>
        <marc:controlfield tag="003">DE-101</marc:controlfield>
        <marc:controlfield tag="005">20171203163757.0</marc:controlfield>
        <marc:controlfield tag="007">tu</marc:controlfield>
        <marc:controlfield tag="008">040705s2004    gw ||||| |||| 00||||ger  </marc:controlfield>
        <marc:datafield tag="015" ind1=" " ind2=" ">
            <marc:subfield code="a">05,A02,1857</marc:subfield>
            <marc:subfield code="z">04,N31,1053</marc:subfield>
            <marc:subfield code="2">dnb</marc:subfield>
        </marc:datafield>
        <marc:datafield tag="016" ind1="7" ind2=" ">
            <marc:subfield code="2">DE-101</marc:subfield>
            <marc:subfield code="a">971692718</marc:subfield>
        </marc:datafield>
        <marc:datafield tag="020" ind1=" " ind2=" ">
            <marc:subfield code="a">9783492242882</marc:subfield>
            <marc:subfield code="c">kart. : EUR 8.90 (DE), EUR 9.20 (AT), sfr 16.50</marc:subfield>
            <marc:subfield code="9">978-3-492-24288-2</marc:subfield>
        </marc:datafield>
        <marc:datafield tag="020" ind1=" " ind2=" ">
            <marc:subfield code="a">349224288X</marc:subfield>
            <marc:subfield code="c">kart. : EUR 8.90 (DE), EUR 9.20 (AT), sfr 16.50</marc:subfield>
            <marc:subfield code="9">3-492-24288-X</marc:subfield>
        </marc:datafield>
        <marc:datafield tag="024" ind1="3" ind2=" ">
            <marc:subfield code="a">9783492242882</marc:subfield>
        </marc:datafield>
        <marc:datafield tag="035" ind1=" " ind2=" ">
            <marc:subfield code="a">(DE-599)DNB971692718</marc:subfield>
        </marc:datafield>
        <marc:datafield tag="035" ind1=" " ind2=" ">
            <marc:subfield code="a">(OCoLC)76596154</marc:subfield>
        </marc:datafield>
        <marc:datafield tag="040" ind1=" " ind2=" ">
            <marc:subfield code="a">1245</marc:subfield>
            <marc:subfield code="b">ger</marc:subfield>
            <marc:subfield code="c">DE-101</marc:subfield>
            <marc:subfield code="d">9999</marc:subfield>
        </marc:datafield>
        <marc:datafield tag="041" ind1=" " ind2=" ">
            <marc:subfield code="a">ger</marc:subfield>
            <marc:subfield code="h">nor</marc:subfield>
        </marc:datafield>
        <marc:datafield tag="044" ind1=" " ind2=" ">
            <marc:subfield code="c">XA-DE-BY</marc:subfield>
        </marc:datafield>
        <marc:datafield tag="082" ind1="7" ind2="4">
            <marc:subfield code="a">839</marc:subfield>
            <marc:subfield code="a">B</marc:subfield>
            <marc:subfield code="q">DE-101</marc:subfield>
            <marc:subfield code="2">22sdnb</marc:subfield>
        </marc:datafield>
        <marc:datafield tag="090" ind1=" " ind2=" ">
            <marc:subfield code="a">b</marc:subfield>
        </marc:datafield>
        <marc:datafield tag="100" ind1="1" ind2=" ">
            <marc:subfield code="0">(DE-588)120908573</marc:subfield>
            <marc:subfield code="0">https://d-nb.info/gnd/120908573</marc:subfield>
            <marc:subfield code="0">(DE-101)120908573</marc:subfield>
            <marc:subfield code="a">Fossum, Karin</marc:subfield>
            <marc:subfield code="d">1954-</marc:subfield>
            <marc:subfield code="e">Verfasser</marc:subfield>
            <marc:subfield code="4">aut</marc:subfield>
            <marc:subfield code="2">gnd</marc:subfield>
        </marc:datafield>
        <marc:datafield tag="245" ind1="1" ind2="0">
            <marc:subfield code="a">Schwarze Sekunden</marc:subfield>
            <marc:subfield code="b">Roman</marc:subfield>
            <marc:subfield code="c">Karin Fossum. Aus dem Norweg. von Gabriele Haefs</marc:subfield>
        </marc:datafield>
        <marc:datafield tag="250" ind1=" " ind2=" ">
            <marc:subfield code="a">Ungekürzte Taschenbuchausg.</marc:subfield>
        </marc:datafield>
        <marc:datafield tag="259" ind1=" " ind2=" ">
            <marc:subfield code="a">unt</marc:subfield>
        </marc:datafield>
        <marc:datafield tag="264" ind1=" " ind2="1">
            <marc:subfield code="a">München</marc:subfield>
            <marc:subfield code="a">Zürich</marc:subfield>
            <marc:subfield code="b">Piper</marc:subfield>
            <marc:subfield code="c">2004</marc:subfield>
        </marc:datafield>
        <marc:datafield tag="300" ind1=" " ind2=" ">
            <marc:subfield code="a">299 S.</marc:subfield>
            <marc:subfield code="c">19 cm</marc:subfield>
        </marc:datafield>
        <marc:datafield tag="336" ind1=" " ind2=" ">
            <marc:subfield code="a">Text</marc:subfield>
            <marc:subfield code="b">txt</marc:subfield>
            <marc:subfield code="2">rdacontent</marc:subfield>
        </marc:datafield>
        <marc:datafield tag="337" ind1=" " ind2=" ">
            <marc:subfield code="a">ohne Hilfsmittel zu benutzen</marc:subfield>
            <marc:subfield code="b">n</marc:subfield>
            <marc:subfield code="2">rdamedia</marc:subfield>
        </marc:datafield>
        <marc:datafield tag="338" ind1=" " ind2=" ">
            <marc:subfield code="a">Band</marc:subfield>
            <marc:subfield code="b">nc</marc:subfield>
            <marc:subfield code="2">rdacarrier</marc:subfield>
        </marc:datafield>
        <marc:datafield tag="490" ind1="1" ind2=" ">
            <marc:subfield code="a">Piper</marc:subfield>
            <marc:subfield code="v">4288</marc:subfield>
        </marc:datafield>
        <marc:datafield tag="520" ind1=" " ind2=" ">
            <marc:subfield code="a">Die schwarzen Sekunden der Septembernacht dehnen sich unerträglich, während Kommissar Sejer verzweifelt die verschwundene Ida Joner sucht. Ist der autistische Emil Johansson ihr unergründlicher, grausamer Mörder? Psychologische Meisterschaft und höchste Spannung prägen den neuen Kriminalroman der preisgekrönten Autorin Karin Fossum. &lt;br&gt;&lt;br&gt; &gt;Meisterhaft schildert Karin Fossum die Katakomben der menschlichen Psyche. Ein Nervenzerrspiel, dessen Plot über die letzte Seite hinaus verstört.&lt; Facts</marc:subfield>
        </marc:datafield>
        <marc:datafield tag="653" ind1=" " ind2=" ">
            <marc:subfield code="a">(VLB-PF)BC: Paperback</marc:subfield>
        </marc:datafield>
        <marc:datafield tag="653" ind1=" " ind2=" ">
            <marc:subfield code="a">(VLB-WI)2: Taschenbuch</marc:subfield>
        </marc:datafield>
        <marc:datafield tag="653" ind1=" " ind2=" ">
            <marc:subfield code="a">(VLB-WG)120: Belletristik / Kriminalromane</marc:subfield>
        </marc:datafield>
        <marc:datafield tag="653" ind1=" " ind2=" ">
            <marc:subfield code="a">2</marc:subfield>
        </marc:datafield>
        <marc:datafield tag="653" ind1=" " ind2=" ">
            <marc:subfield code="a">Fahrenheit Books</marc:subfield>
        </marc:datafield>
        <marc:datafield tag="653" ind1=" " ind2=" ">
            <marc:subfield code="a">Karin Fossum</marc:subfield>
        </marc:datafield>
        <marc:datafield tag="653" ind1=" " ind2=" ">
            <marc:subfield code="a">Konrad Sejer</marc:subfield>
        </marc:datafield>
        <marc:datafield tag="653" ind1=" " ind2=" ">
            <marc:subfield code="a">Krimi</marc:subfield>
        </marc:datafield>
        <marc:datafield tag="653" ind1=" " ind2=" ">
            <marc:subfield code="a">Skandinavien</marc:subfield>
        </marc:datafield>
        <marc:datafield tag="653" ind1=" " ind2=" ">
            <marc:subfield code="a">spannende Krimis</marc:subfield>
        </marc:datafield>
        <marc:datafield tag="653" ind1=" " ind2=" ">
            <marc:subfield code="a">Spannung</marc:subfield>
        </marc:datafield>
        <marc:datafield tag="653" ind1=" " ind2=" ">
            <marc:subfield code="a">Thriller</marc:subfield>
        </marc:datafield>
        <marc:datafield tag="653" ind1=" " ind2=" ">
            <marc:subfield code="a">verschwundene Frau</marc:subfield>
        </marc:datafield>
        <marc:datafield tag="653" ind1=" " ind2=" ">
            <marc:subfield code="a">9</marc:subfield>
        </marc:datafield>
        <marc:datafield tag="700" ind1="1" ind2="2">
            <marc:subfield code="a">Fossum, Karin</marc:subfield>
            <marc:subfield code="d">1954-</marc:subfield>
            <marc:subfield code="2">gnd</marc:subfield>
            <marc:subfield code="t">Svarte sekunder</marc:subfield>
            <marc:subfield code="g">dt.</marc:subfield>
        </marc:datafield>
        <marc:datafield tag="830" ind1=" " ind2="0">
            <marc:subfield code="a">Piper</marc:subfield>
            <marc:subfield code="v">4288</marc:subfield>
            <marc:subfield code="w">(DE-101)015122727</marc:subfield>
            <marc:subfield code="w">(DE-600)970675-6</marc:subfield>
            <marc:subfield code="9">44288</marc:subfield>
            <marc:subfield code="7">as</marc:subfield>
        </marc:datafield>
    </marc:record>