
    <marc:record>
        <marc:leader>01057nam a2200313 c 4500</marc:leader>
        <marc:controlfield tag="001">960648526</marc:controlfield>
        <marc:controlfield tag="003">DE-101</marc:controlfield>
        <marc:controlfield tag="005">20171203103213.0</marc:controlfield>
        <marc:controlfield tag="007">tu</marc:controlfield>
        <marc:controlfield tag="008">010120s2001    gw ||||| |||| 00||||ger  </marc:controlfield>
        <marc:datafield tag="015" ind1=" " ind2=" ">
            <marc:subfield code="a">01,A10,1739</marc:subfield>
            <marc:subfield code="2">dnb</marc:subfield>
        </marc:datafield>
        <marc:datafield tag="016" ind1="7" ind2=" ">
            <marc:subfield code="2">DE-101</marc:subfield>
            <marc:subfield code="a">960648526</marc:subfield>
        </marc:datafield>
        <marc:datafield tag="020" ind1=" " ind2=" ">
            <marc:subfield code="a">9783828968783</marc:subfield>
            <marc:subfield code="c">Pp.</marc:subfield>
            <marc:subfield code="9">978-3-8289-6878-3</marc:subfield>
        </marc:datafield>
        <marc:datafield tag="020" ind1=" " ind2=" ">
            <marc:subfield code="a">3828968783</marc:subfield>
            <marc:subfield code="c">Pp.</marc:subfield>
            <marc:subfield code="9">3-8289-6878-3</marc:subfield>
        </marc:datafield>
        <marc:datafield tag="035" ind1=" " ind2=" ">
            <marc:subfield code="a">(DE-599)DNB960648526</marc:subfield>
        </marc:datafield>
        <marc:datafield tag="035" ind1=" " ind2=" ">
            <marc:subfield code="a">(OCoLC)76244031</marc:subfield>
        </marc:datafield>
        <marc:datafield tag="040" ind1=" " ind2=" ">
            <marc:subfield code="a">1240</marc:subfield>
            <marc:subfield code="b">ger</marc:subfield>
            <marc:subfield code="c">DE-101</marc:subfield>
            <marc:subfield code="d">9999</marc:subfield>
        </marc:datafield>
        <marc:datafield tag="041" ind1=" " ind2=" ">
            <marc:subfield code="a">ger</marc:subfield>
            <marc:subfield code="h">nor</marc:subfield>
        </marc:datafield>
        <marc:datafield tag="044" ind1=" " ind2=" ">
            <marc:subfield code="c">XA-DE</marc:subfield>
        </marc:datafield>
        <marc:datafield tag="082" ind1="7" ind2="4">
            <marc:subfield code="a">839</marc:subfield>
            <marc:subfield code="a">B</marc:subfield>
            <marc:subfield code="q">DE-101</marc:subfield>
            <marc:subfield code="2">22sdnb</marc:subfield>
        </marc:datafield>
        <marc:datafield tag="100" ind1="1" ind2=" ">
            <marc:subfield code="0">(DE-588)120908573</marc:subfield>
            <marc:subfield code="0">https://d-nb.info/gnd/120908573</marc:subfield>
            <marc:subfield code="0">(DE-101)120908573</marc:subfield>
            <marc:subfield code="a">Fossum, Karin</marc:subfield>
            <marc:subfield code="d">1954-</marc:subfield>
            <marc:subfield code="e">Verfasser</marc:subfield>
            <marc:subfield code="4">aut</marc:subfield>
            <marc:subfield code="2">gnd</marc:subfield>
        </marc:datafield>
        <marc:datafield tag="245" ind1="1" ind2="0">
            <marc:subfield code="a">Wer hat Angst vorm bösen Wolf</marc:subfield>
            <marc:subfield code="b">Roman</marc:subfield>
            <marc:subfield code="c">Karin Fossum. Aus dem Norweg. von Gabriele Haefs</marc:subfield>
        </marc:datafield>
        <marc:datafield tag="264" ind1=" " ind2="1">
            <marc:subfield code="a">Augsburg</marc:subfield>
            <marc:subfield code="b">Weltbild</marc:subfield>
            <marc:subfield code="c">2001</marc:subfield>
        </marc:datafield>
        <marc:datafield tag="300" ind1=" " ind2=" ">
            <marc:subfield code="a">319 S.</marc:subfield>
            <marc:subfield code="c">21 cm</marc:subfield>
        </marc:datafield>
        <marc:datafield tag="336" ind1=" " ind2=" ">
            <marc:subfield code="a">Text</marc:subfield>
            <marc:subfield code="b">txt</marc:subfield>
            <marc:subfield code="2">rdacontent</marc:subfield>
        </marc:datafield>
        <marc:datafield tag="337" ind1=" " ind2=" ">
            <marc:subfield code="a">ohne Hilfsmittel zu benutzen</marc:subfield>
            <marc:subfield code="b">n</marc:subfield>
            <marc:subfield code="2">rdamedia</marc:subfield>
        </marc:datafield>
        <marc:datafield tag="338" ind1=" " ind2=" ">
            <marc:subfield code="a">Band</marc:subfield>
            <marc:subfield code="b">nc</marc:subfield>
            <marc:subfield code="2">rdacarrier</marc:subfield>
        </marc:datafield>
        <marc:datafield tag="490" ind1="0" ind2=" ">
            <marc:subfield code="a">Weltbild-Reader</marc:subfield>
        </marc:datafield>
        <marc:datafield tag="500" ind1=" " ind2=" ">
            <marc:subfield code="a">Lizenz der Piper-Verl., München, Zürich</marc:subfield>
        </marc:datafield>
    </marc:record>