
    <marc:record>
        <marc:leader>03152naa a2200649uc 4500</marc:leader>
        <marc:controlfield tag="001">1133171818</marc:controlfield>
        <marc:controlfield tag="003">DE-101</marc:controlfield>
        <marc:controlfield tag="005">20200215102436.0</marc:controlfield>
        <marc:controlfield tag="007">cr||||||||||||</marc:controlfield>
        <marc:controlfield tag="008">170531s2017    gw |||||o|||| 00||||eng  </marc:controlfield>
        <marc:datafield tag="016" ind1="7" ind2=" ">
            <marc:subfield code="2">DE-101</marc:subfield>
            <marc:subfield code="a">1133171818</marc:subfield>
        </marc:datafield>
        <marc:datafield tag="022" ind1=" " ind2=" ">
            <marc:subfield code="a">1297-9716</marc:subfield>
        </marc:datafield>
        <marc:datafield tag="024" ind1="7" ind2=" ">
            <marc:subfield code="a">10.1186/s13567-017-0437-2</marc:subfield>
            <marc:subfield code="2">doi</marc:subfield>
        </marc:datafield>
        <marc:datafield tag="024" ind1="7" ind2=" ">
            <marc:subfield code="2">urn</marc:subfield>
            <marc:subfield code="a">urn:nbn:de:1111-2017053110163</marc:subfield>
        </marc:datafield>
        <marc:datafield tag="035" ind1=" " ind2=" ">
            <marc:subfield code="a">(DE-599)DNB1133171818</marc:subfield>
        </marc:datafield>
        <marc:datafield tag="035" ind1=" " ind2=" ">
            <marc:subfield code="a">(OCoLC)1188053072</marc:subfield>
        </marc:datafield>
        <marc:datafield tag="040" ind1=" " ind2=" ">
            <marc:subfield code="a">1140</marc:subfield>
            <marc:subfield code="b">ger</marc:subfield>
            <marc:subfield code="c">DE-101</marc:subfield>
            <marc:subfield code="d">9999</marc:subfield>
        </marc:datafield>
        <marc:datafield tag="041" ind1=" " ind2=" ">
            <marc:subfield code="a">eng</marc:subfield>
        </marc:datafield>
        <marc:datafield tag="044" ind1=" " ind2=" ">
            <marc:subfield code="c">XA-DE</marc:subfield>
        </marc:datafield>
        <marc:datafield tag="082" ind1="7" ind2="4">
            <marc:subfield code="8">14\p</marc:subfield>
            <marc:subfield code="a">616.079</marc:subfield>
            <marc:subfield code="q">DE-101</marc:subfield>
            <marc:subfield code="2">23kdnb</marc:subfield>
        </marc:datafield>
        <marc:datafield tag="083" ind1="7" ind2=" ">
            <marc:subfield code="8">15\p</marc:subfield>
            <marc:subfield code="a">610</marc:subfield>
            <marc:subfield code="q">DE-101</marc:subfield>
            <marc:subfield code="2">23sdnb</marc:subfield>
        </marc:datafield>
        <marc:datafield tag="084" ind1=" " ind2=" ">
            <marc:subfield code="a">SF600-1100</marc:subfield>
            <marc:subfield code="2">lcc</marc:subfield>
        </marc:datafield>
        <marc:datafield tag="100" ind1="1" ind2=" ">
            <marc:subfield code="8">1\p</marc:subfield>
            <marc:subfield code="a">Ahlberg, Viktor</marc:subfield>
            <marc:subfield code="e">Verfasser</marc:subfield>
            <marc:subfield code="4">aut</marc:subfield>
        </marc:datafield>
        <marc:datafield tag="245" ind1="1" ind2="0">
            <marc:subfield code="a">Innate immune responses induced by the saponin adjuvant Matrix-M in specific pathogen free pigs</marc:subfield>
            <marc:subfield code="c">by Viktor Ahlberg, Bernt Hjertner, Per Wallgren, Stina Hellman, Karin Lövgren Bengtsson, Caroline Fossum</marc:subfield>
        </marc:datafield>
        <marc:datafield tag="300" ind1=" " ind2=" ">
            <marc:subfield code="a">Online-Ressource</marc:subfield>
            <marc:subfield code="b">online resource.</marc:subfield>
        </marc:datafield>
        <marc:datafield tag="336" ind1=" " ind2=" ">
            <marc:subfield code="a">Text</marc:subfield>
            <marc:subfield code="b">txt</marc:subfield>
            <marc:subfield code="2">rdacontent</marc:subfield>
        </marc:datafield>
        <marc:datafield tag="337" ind1=" " ind2=" ">
            <marc:subfield code="a">Computermedien</marc:subfield>
            <marc:subfield code="b">c</marc:subfield>
            <marc:subfield code="2">rdamedia</marc:subfield>
        </marc:datafield>
        <marc:datafield tag="338" ind1=" " ind2=" ">
            <marc:subfield code="a">Online-Ressource</marc:subfield>
            <marc:subfield code="b">cr</marc:subfield>
            <marc:subfield code="2">rdacarrier</marc:subfield>
        </marc:datafield>
        <marc:datafield tag="583" ind1="1" ind2=" ">
            <marc:subfield code="a">Archivierung/Langzeitarchivierung gewährleistet</marc:subfield>
            <marc:subfield code="5">DE-101</marc:subfield>
            <marc:subfield code="2">pdager</marc:subfield>
        </marc:datafield>
        <marc:datafield tag="650" ind1=" " ind2="7">
            <marc:subfield code="8">7\p</marc:subfield>
            <marc:subfield code="0">(DE-588)4026637-0</marc:subfield>
            <marc:subfield code="0">https://d-nb.info/gnd/4026637-0</marc:subfield>
            <marc:subfield code="0">(DE-101)040266370</marc:subfield>
            <marc:subfield code="a">Immunologie</marc:subfield>
            <marc:subfield code="2">gnd</marc:subfield>
        </marc:datafield>
        <marc:datafield tag="650" ind1=" " ind2="7">
            <marc:subfield code="8">8\p</marc:subfield>
            <marc:subfield code="0">(DE-588)4026643-6</marc:subfield>
            <marc:subfield code="0">https://d-nb.info/gnd/4026643-6</marc:subfield>
            <marc:subfield code="0">(DE-101)040266435</marc:subfield>
            <marc:subfield code="a">Immunsystem</marc:subfield>
            <marc:subfield code="2">gnd</marc:subfield>
        </marc:datafield>
        <marc:datafield tag="650" ind1=" " ind2="7">
            <marc:subfield code="8">9\p</marc:subfield>
            <marc:subfield code="0">(DE-588)4036762-9</marc:subfield>
            <marc:subfield code="0">https://d-nb.info/gnd/4036762-9</marc:subfield>
            <marc:subfield code="0">(DE-101)040367622</marc:subfield>
            <marc:subfield code="a">Lymphozyt</marc:subfield>
            <marc:subfield code="2">gnd</marc:subfield>
        </marc:datafield>
        <marc:datafield tag="650" ind1=" " ind2="7">
            <marc:subfield code="8">10\p</marc:subfield>
            <marc:subfield code="0">(DE-588)4074195-3</marc:subfield>
            <marc:subfield code="0">https://d-nb.info/gnd/4074195-3</marc:subfield>
            <marc:subfield code="0">(DE-101)040741958</marc:subfield>
            <marc:subfield code="a">Leukozyt</marc:subfield>
            <marc:subfield code="2">gnd</marc:subfield>
        </marc:datafield>
        <marc:datafield tag="650" ind1=" " ind2="7">
            <marc:subfield code="8">11\p</marc:subfield>
            <marc:subfield code="0">(DE-588)4120476-1</marc:subfield>
            <marc:subfield code="0">https://d-nb.info/gnd/4120476-1</marc:subfield>
            <marc:subfield code="0">(DE-101)04120476X</marc:subfield>
            <marc:subfield code="a">Immunität</marc:subfield>
            <marc:subfield code="g">Medizin</marc:subfield>
            <marc:subfield code="2">gnd</marc:subfield>
        </marc:datafield>
        <marc:datafield tag="650" ind1=" " ind2="7">
            <marc:subfield code="8">12\p</marc:subfield>
            <marc:subfield code="0">(DE-588)4136408-9</marc:subfield>
            <marc:subfield code="0">https://d-nb.info/gnd/4136408-9</marc:subfield>
            <marc:subfield code="0">(DE-101)041364082</marc:subfield>
            <marc:subfield code="a">Resistenz</marc:subfield>
            <marc:subfield code="2">gnd</marc:subfield>
        </marc:datafield>
        <marc:datafield tag="650" ind1=" " ind2="7">
            <marc:subfield code="8">13\p</marc:subfield>
            <marc:subfield code="0">(DE-588)4161366-1</marc:subfield>
            <marc:subfield code="0">https://d-nb.info/gnd/4161366-1</marc:subfield>
            <marc:subfield code="0">(DE-101)04161366X</marc:subfield>
            <marc:subfield code="a">Immunchemie</marc:subfield>
            <marc:subfield code="2">gnd</marc:subfield>
        </marc:datafield>
        <marc:datafield tag="653" ind1=" " ind2=" ">
            <marc:subfield code="a">(lcsh)Medicine.</marc:subfield>
        </marc:datafield>
        <marc:datafield tag="653" ind1=" " ind2=" ">
            <marc:subfield code="a">(lcsh)Immunology.</marc:subfield>
        </marc:datafield>
        <marc:datafield tag="653" ind1=" " ind2=" ">
            <marc:subfield code="a">(lcsh)Virology.</marc:subfield>
        </marc:datafield>
        <marc:datafield tag="653" ind1=" " ind2=" ">
            <marc:subfield code="a">(lcsh)Microbiology.</marc:subfield>
        </marc:datafield>
        <marc:datafield tag="653" ind1=" " ind2=" ">
            <marc:subfield code="a">Medicine &amp; Public Health.</marc:subfield>
        </marc:datafield>
        <marc:datafield tag="653" ind1=" " ind2=" ">
            <marc:subfield code="a">Veterinary Medicine/Veterinary Science.</marc:subfield>
        </marc:datafield>
        <marc:datafield tag="653" ind1=" " ind2=" ">
            <marc:subfield code="a">Virology.</marc:subfield>
        </marc:datafield>
        <marc:datafield tag="653" ind1=" " ind2=" ">
            <marc:subfield code="a">Microbiology.</marc:subfield>
        </marc:datafield>
        <marc:datafield tag="653" ind1=" " ind2=" ">
            <marc:subfield code="a">Immunology.</marc:subfield>
        </marc:datafield>
        <marc:datafield tag="700" ind1="1" ind2=" ">
            <marc:subfield code="8">2\p</marc:subfield>
            <marc:subfield code="a">Hjertner, Bernt</marc:subfield>
            <marc:subfield code="e">Sonstige</marc:subfield>
            <marc:subfield code="4">oth</marc:subfield>
        </marc:datafield>
        <marc:datafield tag="700" ind1="1" ind2=" ">
            <marc:subfield code="8">3\p</marc:subfield>
            <marc:subfield code="a">Wallgren, Per</marc:subfield>
            <marc:subfield code="e">Sonstige</marc:subfield>
            <marc:subfield code="4">oth</marc:subfield>
        </marc:datafield>
        <marc:datafield tag="700" ind1="1" ind2=" ">
            <marc:subfield code="8">4\p</marc:subfield>
            <marc:subfield code="a">Hellman, Stina</marc:subfield>
            <marc:subfield code="e">Sonstige</marc:subfield>
            <marc:subfield code="4">oth</marc:subfield>
        </marc:datafield>
        <marc:datafield tag="700" ind1="1" ind2=" ">
            <marc:subfield code="8">5\p</marc:subfield>
            <marc:subfield code="a">Lövgren Bengtsson, Karin</marc:subfield>
            <marc:subfield code="e">Sonstige</marc:subfield>
            <marc:subfield code="4">oth</marc:subfield>
        </marc:datafield>
        <marc:datafield tag="700" ind1="1" ind2=" ">
            <marc:subfield code="8">6\p</marc:subfield>
            <marc:subfield code="a">Fossum, Caroline</marc:subfield>
            <marc:subfield code="e">Sonstige</marc:subfield>
            <marc:subfield code="4">oth</marc:subfield>
        </marc:datafield>
        <marc:datafield tag="710" ind1="2" ind2=" ">
            <marc:subfield code="a">SpringerLink (Online service)</marc:subfield>
            <marc:subfield code="e">Sonstige</marc:subfield>
            <marc:subfield code="4">oth</marc:subfield>
        </marc:datafield>
        <marc:datafield tag="773" ind1="1" ind2="8">
            <marc:subfield code="7">|||s</marc:subfield>
            <marc:subfield code="g">volume:48</marc:subfield>
            <marc:subfield code="g">number:1</marc:subfield>
            <marc:subfield code="g">day:22</marc:subfield>
            <marc:subfield code="g">month:5</marc:subfield>
            <marc:subfield code="g">year:2017</marc:subfield>
            <marc:subfield code="g">pages:1-14</marc:subfield>
            <marc:subfield code="g">date:12.2017</marc:subfield>
        </marc:datafield>
        <marc:datafield tag="773" ind1="0" ind2="8">
            <marc:subfield code="i">In:</marc:subfield>
            <marc:subfield code="t">Veterinary research</marc:subfield>
            <marc:subfield code="d">London : BioMed Central, 1993-</marc:subfield>
            <marc:subfield code="h">Online-Ressource</marc:subfield>
            <marc:subfield code="g">48, Heft 1 (22.5.2017), 1-14, 12.2017</marc:subfield>
            <marc:subfield code="w">(DE-600)2012391-7</marc:subfield>
            <marc:subfield code="w">(DE-101)020385129</marc:subfield>
            <marc:subfield code="x">1297-9716</marc:subfield>
        </marc:datafield>
        <marc:datafield tag="856" ind1="4" ind2="0">
            <marc:subfield code="u">https://doi.org/10.1186/s13567-017-0437-2</marc:subfield>
            <marc:subfield code="x">Resolving-System</marc:subfield>
        </marc:datafield>
        <marc:datafield tag="856" ind1="4" ind2="0">
            <marc:subfield code="u">https://nbn-resolving.org/urn:nbn:de:1111-2017053110163</marc:subfield>
            <marc:subfield code="x">Resolving-System</marc:subfield>
        </marc:datafield>
        <marc:datafield tag="856" ind1=" " ind2="0">
            <marc:subfield code="u">https://d-nb.info/1133171818/34</marc:subfield>
            <marc:subfield code="x">Langzeitarchivierung Nationalbibliothek</marc:subfield>
        </marc:datafield>
        <marc:datafield tag="856" ind1="4" ind2=" ">
            <marc:subfield code="u">http://dx.doi.org/10.1186/s13567-017-0437-2</marc:subfield>
        </marc:datafield>
    </marc:record>
</marc:collection>
